<record><leader>00000cas a2200000 a 4500</leader><controlfield tag="001">40691117</controlfield><controlfield tag="007">hd afb---bacp</controlfield><controlfield tag="007">hd bfb---babp</controlfield><controlfield tag="008">990127d19281942wauwr nea     0    0eng c</controlfield><datafield ind1=" " ind2=" " tag="010"><subfield code="a">sn 99047486 </subfield></datafield><datafield ind1=" " ind2=" " tag="040"><subfield code="a">WAU</subfield><subfield code="b">eng</subfield><subfield code="c">WAU</subfield><subfield code="d">WAU</subfield><subfield code="d">OCLCQ</subfield><subfield code="d">OCLCF</subfield><subfield code="d">OCLCO</subfield><subfield code="d">OCL</subfield><subfield code="d">OCLCQ</subfield><subfield code="d">OCLCA</subfield></datafield><datafield ind1=" " ind2=" " tag="012"><subfield code="i">9901</subfield></datafield><datafield ind1=" " ind2=" " tag="042"><subfield code="a">pcc</subfield></datafield><datafield ind1=" " ind2=" " tag="043"><subfield code="a">n-us-wa</subfield></datafield><datafield ind1="0" ind2="4" tag="245"><subfield code="a">The Japanese-American courier.</subfield></datafield><datafield ind1="3" ind2="0" tag="246"><subfield code="a">J.A. courier</subfield></datafield><datafield ind1=" " ind2=" " tag="260"><subfield code="a">Seattle, Wash. :</subfield><subfield code="b">James Y. Sakamoto,</subfield><subfield code="c">1928-1942.</subfield></datafield><datafield ind1=" " ind2=" " tag="300"><subfield code="a">15 volumes :</subfield><subfield code="b">illustrations</subfield></datafield><datafield ind1=" " ind2=" " tag="310"><subfield code="a">Weekly</subfield></datafield><datafield ind1=" " ind2=" " tag="336"><subfield code="a">text</subfield><subfield code="b">txt</subfield><subfield code="2">rdacontent</subfield></datafield><datafield ind1=" " ind2=" " tag="337"><subfield code="a">microform</subfield><subfield code="b">h</subfield><subfield code="2">rdamedia</subfield></datafield><datafield ind1=" " ind2=" " tag="338"><subfield code="a">microfilm reel</subfield><subfield code="b">hd</subfield><subfield code="2">rdacarrier</subfield></datafield><datafield ind1="0" ind2=" " tag="362"><subfield code="a">Vol. 1, no. 1 (Jan. 1, 1928)-v. 15, no. 745 (Apr. 24, 1942).</subfield></datafield><datafield ind1=" " ind2=" " tag="500"><subfield code="a">"First Japanese-American journal published all in English.</subfield></datafield><datafield ind1=" " ind2=" " tag="533"><subfield code="a">Microfilm.</subfield><subfield code="b">[Seattle, Wash.] :</subfield><subfield code="c">Filmed for the University of Washington Libraries.</subfield><subfield code="e">microfilm reels ; 35 mm.</subfield></datafield><datafield ind1=" " ind2="0" tag="650"><subfield code="a">Japanese newspapers</subfield><subfield code="z">Washington (State)</subfield></datafield><datafield ind1=" " ind2="0" tag="651"><subfield code="a">Seattle (Wash.)</subfield><subfield code="v">Newspapers.</subfield></datafield><datafield ind1=" " ind2="7" tag="650"><subfield code="a">Japanese newspapers.</subfield><subfield code="2">fast</subfield><subfield code="0">(OCoLC)fst00981873</subfield></datafield><datafield ind1=" " ind2="7" tag="651"><subfield code="a">Washington (State)</subfield><subfield code="2">fast</subfield><subfield code="0">(OCoLC)fst01204703</subfield></datafield><datafield ind1=" " ind2="7" tag="651"><subfield code="a">Washington (State)</subfield><subfield code="z">Seattle.</subfield><subfield code="2">fast</subfield><subfield code="0">(OCoLC)fst01204940</subfield></datafield><datafield ind1=" " ind2="7" tag="655"><subfield code="a">Newspapers.</subfield><subfield code="2">fast</subfield><subfield code="0">(OCoLC)fst01423814</subfield></datafield><datafield ind1=" " ind2="7" tag="655"><subfield code="a">Japanese American newspapers</subfield><subfield code="z">Washington (State)</subfield><subfield code="z">Seattle.</subfield><subfield code="2">ngl</subfield></datafield><datafield ind1=" " ind2=" " tag="752"><subfield code="a">United States</subfield><subfield code="b">Washington</subfield><subfield code="c">King</subfield><subfield code="d">Seattle.</subfield></datafield><datafield ind1="1" ind2=" " tag="776"><subfield code="c">Original</subfield><subfield code="w">(DLC)sn 86072004</subfield><subfield code="w">(OCoLC)14289174</subfield></datafield><datafield ind1=" " ind2=" " tag="850"><subfield code="a">WaU</subfield></datafield></record>